@manual{ref1,
title = "python",
organization = "stackoverflow.com",
note = "\url{https://stackoverflow.com/questions/2294493/how-to-get-the-position-of-a-character-in-python}",
year = "2018"
}

@manual{ref2,
title = "quora",
organization = "quora.com",
note = "\url{https://www.quora.com/How-do-I-take-integer-input-in-Python-delimited-by-space#}",
year = "2018"
}

@manual{ref3,
title = "Python-basic",
organization = "tutorialspoint.com",
note = "\url{https://www.tutorialspoint.com/python/string_find.htm}",
year = "2018"
}


@manual{ref4,
title = "github.comr",
organization = "github.com",
note = "\url{https://github.com/2018jtm2247/assignment-8/blob/master/ps2.py}",
year = "2018"
}

